@article{zarate2018habitos,
  title={H{\'a}bitos de estudio y estr{\'e}s en estudiantes del {\'a}rea de la salud},
  author={Z{\'a}rate-Depraect, Nikell E and Soto-Decuir, Mar{\'\i}a G and Mart{\'\i}nez-Aguirre, Eunice G and Castro-Castro, Mar{\'\i}a L and Garc{\'\i}a-Jau, Rosa A and L{\'o}pez-Leyva, Nidia M},
  journal={FEM: Revista de la Fundaci{\'o}n Educaci{\'o}n M{\'e}dica},
   URL = {http://scielo.isciii.es/scielo.php?script=sci_arttext&pid=S2014-98322018000300007&nrm=iso},
  volume={21},
  number={3},
  pages={153--157},
  year={2018},
  publisher={SciELO Espana}
}